2321 2724
164 15 196 49 X

164 131 270 164 neque
306 129 350 153 ex
385 120 514 153 illorum
542 120 750 164 perfectione
780 121 921 163 aliquam
953 120 1067 152 horum
1091 119 1233 151 indolem
1265 121 1299 150 et
1327 117 1516 149 facultatem
1550 117 1592 150 ad
1624 118 1709 151 alios
1732 116 1904 150 docendos
1926 118 2041 162 colligi

162 165 285 196 debere
308 164 562 195 demonstraret.
612 165 723 206 Ipsius
755 175 837 195 vero
866 164 1022 195 Menonis
1053 167 1279 204 argumentum
1309 160 1612 203 disputationisque
1646 162 1767 193 seriem
1798 160 1884 236 :prod
1908 162 2040 204 attinet,

162 207 269 239 omnia
303 211 393 239 recte
426 206 490 239 sibi
513 208 730 248 constabunt,
761 205 857 239 modo
881 206 1104 247 recogitemus
1139 203 1217 237 illud
1242 202 1328 245 quod
1353 203 1449 235 l’lato
1474 203 1653 237 identidem
1674 209 1794 237 conten
1822 203 1858 246 it,
1881 204 2039 238 virtutem

161 251 190 281 si
214 250 354 281 scientia
378 250 587 281 contineatur
618 250 728 280 doceri
763 259 885 290 posse,
918 249 999 289 ipsis
1030 248 1189 278 extremis
1225 247 1340 276 verbis
1373 246 1583 290 confirmari,
1618 249 1672 280 ubi
1705 258 1778 279 eum
1803 247 1857 288 qui
1880 248 2039 279 virtutem

161 303 254 324 suam
286 293 361 324 aliis
392 292 526 325 tradere
550 293 675 333 possit,
704 291 852 322 Tiresiae
885 291 988 321 instar
1020 290 1104 321 inter
1133 288 1252 320 multas
1285 287 1417 320 umbras
1440 300 1538 321 unum
1570 300 1692 332 sapere
1714 291 1780 334 ait,
1815 289 2039 328 conditionem

161 339 294 378 autem,
326 334 415 367 unde
446 335 579 367 virtutis
608 334 753 366 doctrina
783 333 945 375 pendent,
978 341 1137 373 nusquam
1169 331 1296 373 negari,
1326 331 1386 363 sed
1412 340 1510 373 quum
1534 337 1583 364 tot
1606 335 1751 366 virorum
1782 334 1936 376 exempla
1958 338 2039 366 nota

161 379 239 420 sint,
265 379 320 420 qui
344 388 442 419 quum
464 379 528 419 ipsi
551 378 672 408 virtute
695 387 758 407 non
784 377 957 416 caruerint,
982 375 1119 405 eandem
1146 379 1255 405 tamen
1287 385 1329 404 ne
1353 374 1431 405 tiliis
1456 375 1588 415 quidem
1612 377 1684 408 suis
1707 376 1893 417 relinquere
1918 381 2040 418 potne-

163 421 226 452 rint
240 425 294 458 ⁹0)
309 444 319 460 ,
348 421 445 452 aliam
468 425 591 452 tantum
616 420 702 450 viam
733 418 922 458 monstrari,
947 427 1009 459 qua
1033 422 1067 448 et
1099 417 1171 458 ipsa
1201 417 1345 458 singulis
1369 416 1410 449 ad
1434 418 1591 450 virtutem
1615 419 1794 462 pervenire
1818 419 1926 460 liceat,
1951 419 2041 451 illius

162 473 243 495 vero
268 464 474 505 quaestionis
498 463 734 504 tractationem,
758 471 841 502 qnae
862 461 902 491 ad
927 471 1040 491 veram
1061 461 1194 490 virtutis
1218 459 1361 490 indolem
1384 460 1561 504 pertineat,
1585 462 1617 493 in
1641 462 1728 494 aliud
1744 467 1876 504 tempus
1900 462 2041 503 differri3

162 506 249 548 quod
274 506 302 538 si
328 506 535 538 nihilominus
558 505 710 536 virtutem
742 513 762 534 a
791 503 940 535 doctrina
972 502 1154 545 sejungere
1177 502 1329 543 videtur,
1355 502 1419 534 lioc
1440 503 1482 535 ad
1506 505 1644 537 alteram
1676 510 1801 537 tantum
1824 506 1913 538 viam
1937 515 2040 548 spec-

161 553 210 580 tat
233 560 330 591 quam
353 549 535 581 accuratius
558 547 723 587 tractavit,
747 546 894 588 alteram,
918 556 1003 588 quae
1026 547 1058 577 in
1082 546 1225 577 seientia
1248 546 1357 587 posita
1381 551 1453 588 est,
1478 549 1610 580 omnino
1634 558 1698 580 non
1722 548 1888 591 excludit,
1912 559 1976 581 nec
1998 548 2041 580 dc

163 592 270 624 futuro
299 598 468 634 tempore,
496 589 556 622 scd
588 590 629 622 de
659 590 835 631 praeterito
867 594 900 621 et
930 589 1098 631 praesenti
1123 589 1213 632 agit,
1238 599 1302 631 quo
1326 588 1406 620 nillil
1431 590 1541 632 magis
1564 591 1744 624 curandum
1770 595 1857 635 erat,
1883 602 1980 634 quam
1997 602 2039 624 ne

162 635 236 676 quis
260 640 397 665 externa
419 634 531 676 specie
555 633 705 663 inductus
726 633 837 672 pravis
861 643 899 662 se
924 633 1094 673 magistris
1118 632 1282 663 crederet.
1339 632 1409 663 Sed
1434 632 1518 664 haec
1540 634 1581 664 ab
1607 635 1842 675 interpretibus
1865 637 1950 666 satis
1972 635 2042 675 jam

162 678 330 718 explicata
349 682 424 709 sunt
445 686 551 717 neque
574 675 724 717 longiore
748 675 970 716 explicatione
993 674 1165 717 indigent3
1199 675 1294 706 nobis
1319 673 1396 707 illud
1422 679 1546 708 tantum
1570 677 1776 719 propositum
1800 681 1884 720 erat,
1907 682 1943 711 ut
1965 677 2042 710 dia-

162 720 274 762 logum
298 724 440 751 nostrum
465 727 526 749 nec
550 727 630 748 casn
653 722 686 748 et
709 726 810 748 caeca
832 719 943 760 aliqua
966 718 1154 760 opinatione
1179 719 1334 749 virtutem
1357 719 1481 760 acquiri
1505 719 1662 751 docuisse
1685 730 1749 751 nec
1771 720 1886 751 divino
1908 722 2041 753 nominc

162 763 203 793 ad
238 763 405 793 ludibrium
435 767 468 792 et
500 761 742 791 cavillationem
780 761 918 792 abusum
943 772 1022 792 esse
1046 760 1320 799 ostenderemus,
1350 771 1414 802 qno
1447 762 1535 793 facto
1571 762 1753 804 etreliqua
1777 763 1886 794 omnia
1911 764 2042 796 facilius

162 814 270 837 coram
295 803 509 847 expedientur
532 807 565 835 ct
588 803 651 835 hoc
674 807 765 834 certe
790 807 902 836 statnn
927 804 967 835 ab
991 804 1065 847 ipso
1089 803 1277 835 scholarum
1302 803 1413 835 liunnc
1428 804 1535 836 Vobis
1560 815 1756 847 persuasum
1780 806 2042 848 erit,Platonem

161 850 321 878 scientiae
353 849 508 877 lioiiorein
540 852 573 876 ct
605 846 707 876 divini
732 847 875 878 numinis
899 848 1122 878 reverentiam
1146 848 1190 877 ita
1214 848 1452 889 conjunxisse,
1475 855 1511 879 ut
1533 849 1662 880 etiamsi
1688 849 1833 880 diversis
1856 849 1923 881 viis
1946 851 2043 882 ince-

161 890 289 929 derent,
312 889 449 922 eundem
474 888 643 930 utriusque
668 890 793 921 exitum
817 899 896 921 csse
920 889 1074 931 doceret3
1098 889 1184 932 quod
1209 894 1318 921 autem
1341 900 1402 921 eos
1427 889 1481 932 qui
1505 891 1579 923 sola
1602 891 1736 924 divinae
1759 891 1861 924 sortis
1886 891 2043 936 benigni-

161 939 227 964 tate
249 933 290 963 ad
318 933 470 964 virtutem
493 933 747 972 pervenissent,
778 934 890 963 caecis
919 933 1042 965 umbris
1073 933 1291 974 assimilavit,
1323 937 1448 965 tantum
1477 934 1574 966 abest
1602 940 1637 967 ut
1669 936 1893 967 irreverenter
1916 936 2040 970 dictum

159 976 397 1018 existimemus,
426 980 462 1007 ut
491 975 565 1007 Vos
589 985 731 1018 quoque,
755 974 1009 1008 Commilitones
1036 975 1279 1019 humanissimi,
1303 979 1425 1017 quanta
1449 977 1618 1018 possimus
1642 978 1856 1010 contentione
1879 977 2041 1012 adhorte-

158 1030 247 1060 mur,
278 1029 318 1050 ne
347 1019 380 1049 in
410 1019 450 1050 iis
474 1028 558 1060 quae
580 1019 634 1049 uni
658 1019 820 1059 alterique
851 1020 1012 1050 Vestrum
1044 1019 1205 1050 divinitus
1235 1018 1437 1059 contigerint.
1467 1021 1712 1063 acquiescatiS,
1742 1020 1804 1052 sed
1838 1022 2043 1061 cogitatione

159 1068 192 1094 et
215 1062 361 1093 doctrina
383 1072 424 1093 eo
447 1061 611 1103 evellatis,
634 1066 669 1093 ut
692 1062 835 1093 omnium
860 1062 1019 1094 rationem
1054 1061 1195 1093 reddere
1219 1066 1252 1093 et
1276 1072 1360 1104 quae
1384 1061 1461 1093 vos
1484 1064 1602 1095 sciatis
1625 1064 1723 1096 etiam
1749 1074 1822 1096 cum
1850 1064 1926 1098 aliis
1948 1075 2044 1098 eom-
2085 1099 2090 1102 o

157 1106 322 1138 municare
345 1104 499 1147 possitis3
522 1114 597 1136 nam
620 1104 708 1136 huuc
730 1104 860 1137 demum
883 1115 1000 1138 verum
1023 1105 1180 1137 bonorum
1205 1115 1291 1148 quae
1314 1105 1389 1148 quis
1411 1105 1532 1139 habeat
1554 1106 1696 1141 fructum
1720 1116 1800 1140 esse
1821 1107 1909 1141 inter
1925 1118 2043 1143 omnes

158 1153 298 1181 constat.

286 1225 326 1260 P.
349 1225 389 1258 P.
416 1224 591 1267 Marburgi
615 1219 729 1258 Idibus
750 1225 847 1267 Sept.
871 1224 1226 1264 MDCCCXXXVII.

160 1415 244 1443 pugn
263 1369 469 1441 ginlggezzqy'
487 1369 523 1398 91
544 1370 652 1404 A-n;
671 1369 710 1401 cf.
733 1369 853 1407 Protag-
873 1379 901 1406 p.
919 1368 976 1398 819
997 1369 1032 1403 Ε,
1054 1369 1151 1398 Aleib.
1170 1369 1198 1405 1,
1218 1380 1247 1407 ι»,
1269 1369 1323 1400 118
1342 1369 1368 1399 Ε
1389 1374 1420 1401 et
1442 1370 1541 1400 Groen
1561 1380 1618 1401 van
1638 1370 1782 1401 Prin-ter.
1800 1371 1908 1402 Platon
1935 1371 2043 1402 Pro-o·
