2278 2724
1976 22 2026 58 lx

142 128 343 177 publica77)
375 134 521 177 reliquas
551 132 712 176 virtutes,
741 141 825 175 quas
857 132 1095 165 exercitatione
1128 141 1318 176 comparare
1349 134 1462 171 liceat,
1494 131 1688 175 prudentiae
1715 135 1870 175 tanquam
1896 131 1942 164 rei
1966 130 2022 164 di-

142 179 243 210 vinne
266 178 311 209 ita
335 179 510 220 opposuit,
540 181 573 208 ut
606 176 687 207 miro
721 177 817 207 modo
846 185 958 207 secum
988 177 1059 217 ipse
1089 183 1261 218 pugnaret,
1293 187 1323 209 si
1357 178 1423 208 illis
1456 186 1587 219 quoque
1615 176 1760 208 divinam
1792 175 1957 218 originem
1987 179 2023 207 ct

142 221 286 253 indolem
311 223 511 262 assignaret.
556 218 699 250 Accedit.
732 219 816 250 alius
839 219 869 249 iu
896 218 1023 261 bcgum
1047 220 1126 250 libro
1155 220 1302 251 secundo
1318 221 1389 261 ἴε),
1419 219 1472 251 ubi
1505 220 1575 261 pari
1600 219 1750 251 fortunae
1769 218 2022 259 praedicatione

142 263 314 306 ‹eoiijuugit
337 273 409 305 eos,
425 263 543 304 quibus
556 262 761 303 prudentiam
781 266 1006 303 rectarumque
1020 262 1204 303 opinionem
1228 262 1415 294 firmitatem
1445 261 1588 304 adipisci
1610 260 1810 305 contigerit,
1841 262 1894 304 qui
1918 271 2020 304 quum

141 306 241 338 iidem
264 310 344 348 sint,
368 315 452 347 quos
474 305 507 336 in
531 304 671 336 Politico
695 304 787 337 ξἐῑον
814 302 870 337 καὶ
894 302 1067 346 δαιμόνιον
1092 305 1194 347 γένος
1216 306 1374 348 appellari
1397 304 1553 348 vidimus,
1578 309 1705 336 certum
1728 303 1791 336 erit
1813 305 1845 335 in
1869 305 2020 337 Metione

142 358 273 391 quoque
288 359 352 380 non
377 358 436 390 per
459 347 630 379 ludibrium
653 346 714 378 sed
734 347 821 378 serio
845 345 982 378 eandem
1007 345 1197 389 ἐπιστήμης
1222 355 1256 379 et
1276 346 1440 390 εὐδοξίας
1459 348 1528 379 vim
1547 347 1589 379 ad
1613 352 1707 380 recte
1723 346 1888 389 agendum
1902 347 2017 390 statui,

140 392 295 434 quodque
307 391 376 423 illic
394 395 508 422 contra
521 391 707 433 opinionem
724 389 835 422 dicere
853 389 1018 432 videatur,
1037 390 1082 422 ita
1092 394 1216 423 tantum
1228 391 1261 423 in
1276 390 1382 436 ὀρθὴν
1396 389 1503 430 δόξαν
1518 389 1655 433 cadere,
1670 390 1700 423 si
1716 389 1871 423 firmitate
1889 395 2016 431 careat3

140 436 328 467 firmitatem
350 439 459 466 autem
483 445 547 466 nou
569 438 695 465 tantum
718 433 834 469 αἰτίας
856 431 1027 474 λογισμῷ.
1053 438 1088 465 ut
1111 435 1141 465 in
1166 435 1312 466 Menone
1336 438 1406 476 est,
1430 434 1491 466 sed
1515 435 1615 466 etiam
1639 433 1800 466 divinitus
1821 435 2018 476 contingere

140 477 276 510 Politici
299 477 393 508 locus
415 482 481 508 tam
505 477 593 508 clare
616 476 802 518 profitetur,
837 480 872 508 ut
900 475 980 507 nihil
1012 475 1128 508 falsius
1151 476 1292 509 inveniri
1321 478 1445 520 possit,
1479 486 1576 520 quain
1599 476 1629 510 si
1653 477 1728 520 quis
1751 485 1824 508 eam
1847 476 2016 520 virtutem,

141 530 239 563 quam
263 520 339 563 quis
364 520 496 552 divinae
518 520 600 552 sorti
623 519 752 563 debeat,
775 519 891 551 eodem
915 519 989 551 loco
1012 519 1131 551 habeat
1153 530 1227 552 cum
1251 531 1302 563 ea,
1326 531 1422 563 quam
1445 519 1661 553 exercitando
1688 523 1892 553 consecutus
1906 520 2016 563 fuerit,

141 563 229 595 hanc
258 565 344 594 enim
379 564 568 604 neutiquam
604 563 729 594 firmam
755 567 789 593 et
811 562 1019 593 indelebilem
1043 572 1122 594 esse
1144 563 1317 604 primarius
1351 564 1444 595 locus
1466 563 1623 605 Reipubl.
1643 563 1697 605 X,
1729 572 1762 604 p.
1788 562 1856 594 619
1883 563 1909 593 C
1932 564 2018 595 satis

142 605 318 640 ostendit&
331 606 377 646 ¹²).
422 605 505 637 lllud
530 610 653 637 tantum
677 604 889 636 concedimus
913 605 998 635 inter
1019 606 1174 636 virtutem
1189 606 1396 648 philosophia
1417 611 1639 648 comparatam
1661 610 1697 638 et
1719 605 1881 637 divinitus
1903 603 2017 639 datam

140 649 319 690 interesse,
343 653 378 680 ut
401 649 455 681 illa
478 649 623 691 interno,
647 648 730 680 haec
754 653 894 680 externo
917 647 1121 679 firmamento
1144 648 1275 691 nitatur,
1298 648 1385 691 quod
1408 649 1472 681 etsi
1491 649 1534 681 ad
1556 650 1682 681 exitum
1703 650 1752 681 rei
1777 647 1865 681 idem
1889 650 1946 692 sit,
1969 650 2016 683 ita

139 698 251 725 tamen
274 692 396 735 differt,
423 697 458 724 ut
481 693 512 724 in
536 692 735 734 philosopho
757 691 854 723 simul
877 691 976 721 etiam
998 691 1083 721 inter
1107 691 1270 732 agendum
1294 697 1459 733 cernatur,
1483 693 1514 724 in
1538 694 1644 724 altero
1667 693 1742 734 ipso
1766 692 1899 724 demum
1922 693 2015 726 exitu

141 740 312 778 appareat,
336 736 490 777 illiusque
513 735 665 777 singulas
694 734 846 765 actiones
876 733 959 764 ratio
989 737 1025 763 et
1059 733 1230 765 consilium
1259 735 1448 776 comitetur,
1471 735 1569 776 liujus
1592 740 1702 766 autem
1726 735 1916 766 constantia
1936 741 2016 778 post

140 783 307 821 peractam
331 778 460 810 demum
483 777 588 809 vitam
611 775 799 808 existimari
822 775 944 817 possit3
965 774 1052 807 unde
1076 775 1175 807 etiam
1198 776 1277 808 illud
1300 778 1494 829 explicatur,
1516 777 1679 821 quomodo
1703 777 1801 809 Plato
1817 778 1956 810 militum
1979 779 2014 811 in

141 832 178 855 re
200 819 330 864 publica
350 831 412 853 sua
434 821 616 862 virtutem,
663 829 725 851 uae
748 817 764 852 ὀ
789 819 836 861 ἒῆ
861 816 947 862 δόξῃ
970 819 1177 859 continetur,
1198 819 1383 861 πολιτικην
1406 830 1594 863 nuncupare
1613 821 1757 862 potuerit
1771 820 1851 862 ⁸0),
1873 821 2015 855 eosdem

139 869 249 897 tamen
273 869 420 896 mortuos
443 863 565 897 θείους
588 867 623 894 et
666 872 848 905 αιμονιους
870 861 1092 903 appellet⁸¹),
1114 871 1156 892 ac
1177 862 1254 893 licet
1276 862 1509 906 fortitudinem,
1525 874 1610 906 quae
1625 868 1713 895 metu
1728 864 1905 906 excitetur,
1925 864 2015 898 inter

139 908 317 940 simulacra
328 911 453 938 tantum
467 904 601 939 virtutis
617 904 775 948 posuerit,
798 903 905 946 ipsum
919 908 1028 935 tamen
1044 908 1177 947 metum,
1200 906 1255 947 qui
1271 915 1342 937 eam
1356 906 1492 949 excitat,
1508 911 1622 948 utpote
1637 906 1797 939 divinitus
1813 908 2011 951 immissum,

139 951 236 984 ,θεῖον
254 949 372 989 φόβον
393 949 561 988 dicat52).
607 947 769 987 Quamvis
784 947 870 977 enim
890 947 1048 978 divinitus
1071 952 1237 988 regantur,
1262 948 1411 980 homines
1434 949 1510 990 ipsi,
1534 949 1563 980 si
1586 949 1719 990 quidem
1742 949 1869 980 ratione
1883 956 2012 993 carent,

139 993 324 1025 umbrarum
348 991 451 1023 instar
474 991 667 1022 oberrantes
690 989 878 1032 opinatione
900 993 1023 1020 tantum
1034 989 1081 1021 uti
1104 989 1268 1031 videntur,
1293 1000 1376 1032 quae
1388 995 1494 1023 utrum
1511 990 1625 1023 divino
1644 991 1777 1024 numine
1798 991 2014 1026 confirmetur

138 1045 181 1068 an
207 1035 348 1068 humana
369 1039 494 1066 tantum
518 1032 709 1074 conjectura
729 1033 817 1064 viam
840 1036 1045 1074 praetentet,
1072 1033 1183 1064 exitus
1206 1032 1333 1065 demum
1358 1033 1480 1066 docere
1502 1038 1627 1075 potest,
1644 1039 1837 1076 tantumque
1851 1035 1960 1077 abest,
1976 1041 2012 1068 ut

140 1083 256 1111 contra
271 1077 422 1119 magistri
437 1077 489 1108 sui
507 1076 705 1107 sententiam
721 1075 777 1116 ⁸³)
790 1075 940 1106 homines
959 1075 1084 1106 otiosos
1103 1075 1247 1106 divinam
1264 1086 1359 1117 opem
1372 1082 1571 1117 exspectare
1590 1076 1716 1117 jubeat,
1735 1081 1771 1109 ut
1792 1077 2012 1118 quemadmo-

140 1120 216 1154 dum
234 1121 290 1153 ille
307 1120 386 1152 nihil
406 1119 534 1162 gratius
544 1118 608 1151 diis
623 1118 768 1150 facturos
784 1117 925 1160 censuit,
940 1126 1037 1159 quam
1055 1117 1085 1149 si
1104 1117 1291 1151 exercendo
1305 1123 1339 1151 et
1356 1118 1516 1151 discendo
1529 1130 1636 1152 rerum
1651 1120 1714 1151 sibi
1727 1130 1820 1152 usum
1835 1130 2012 1163 compara-

139 1170 213 1197 rent
226 1174 288 1195 nec
307 1164 456 1195 fortunae
471 1162 532 1194 sed
560 1161 676 1193 rationi
693 1171 733 1192 se
750 1171 870 1202 resque
898 1170 978 1192 suas
990 1161 1233 1193 committerent
1247 1162 1317 1202 ⁸⁴),
1340 1162 1384 1193 ita
1408 1167 1442 1193 et
1465 1164 1538 1203 ipse
1566 1163 1730 1194 neminem
1753 1164 1888 1204 propius
1912 1174 2011 1205 quam

139 1207 371 1249 philosophum
386 1206 426 1237 ad
444 1215 504 1236 eos
523 1204 686 1236 accedere
704 1207 828 1235 statuat
841 1202 913 1243 35);
936 1202 1022 1234 idem
1047 1207 1156 1235 tamen
1172 1214 1269 1246 quum
1285 1205 1325 1235 ab
1343 1214 1430 1236 omni
1449 1206 1606 1236 memoria
1625 1205 1681 1236 vel
1708 1206 1740 1236 in
1758 1206 2011 1248 corruptissimo

140 1260 247 1282 rerum
272 1250 471 1291 publicarum
495 1252 584 1279 statu
607 1245 781 1279 exstitisse
804 1243 945 1288 videret,
968 1246 1023 1288 qui
1035 1256 1132 1288 quum
1156 1247 1290 1289 virtute,
1313 1247 1504 1289 integritate
1527 1253 1561 1280 et
1583 1248 1720 1280 solertia
1743 1248 1829 1280 iuter
1848 1250 2010 1292 aequales

139 1293 391 1333 excelluissent,
415 1297 481 1323 tum
506 1301 577 1322 eam
601 1294 692 1322 recte
713 1289 834 1330 agendi
857 1291 1075 1320 constantiam
1098 1290 1339 1329 exhibuissent,
1357 1300 1441 1332 quae
1460 1301 1568 1332 neque
1590 1291 1754 1332 exemplis
1776 1301 1884 1333 neque
1906 1302 2011 1324 exer-

139 1336 295 1367 citatione
317 1335 390 1366 sola
412 1334 570 1375 explicari
593 1335 720 1373 posset,
744 1332 824 1362 nihil
847 1331 1004 1372 restabat,
1025 1330 1088 1361 nisi
1112 1336 1148 1362 ut
1171 1332 1257 1373 quod
1273 1332 1504 1373 philosophiae
1526 1333 1559 1363 in
1581 1333 1648 1364 illis
1671 1333 1767 1364 tribui
1791 1343 1855 1364 non
1880 1334 2010 1378 liceret,

140 1378 182 1411 ad
205 1377 354 1410 divinum
379 1386 496 1409 numen
520 1380 710 1416 sortemque
733 1374 807 1416 plus
830 1382 925 1416 quam
948 1373 1120 1405 humanam
1145 1374 1295 1416 referret,
1319 1373 1418 1416 idque
1433 1385 1475 1407 ue
1497 1375 1571 1417 quis
1594 1385 1667 1407 eum
1682 1386 1742 1418 per
1765 1375 2010 1411 simulationem

144 1426 178 1454 et
201 1422 301 1453 risum
325 1420 450 1451 fecisse
473 1428 545 1450 cum
570 1417 839 1458 Morgensternio
862 1415 938 1447 inde
960 1417 1107 1458 colligat,
1131 1418 1205 1457 quia
1227 1418 1259 1448 in
1290 1418 1438 1449 Menoue
1461 1418 1502 1448 de
1525 1419 1649 1449 Atticis
1670 1419 1877 1459 potissimum
1901 1420 2011 1452 homi-

141 1464 237 1496 nibus
261 1472 370 1494 sermo
394 1463 450 1501 sit,
473 1461 515 1492 de
539 1461 655 1503 quibus
677 1459 753 1490 alibi
775 1469 841 1491 non
860 1458 1033 1490 admodum
1056 1459 1235 1490 honorilice
1257 1460 1410 1491 sensisse
1433 1459 1604 1502 videatur,
1637 1459 1754 1491 eodem
1786 1461 1885 1493 modo
1910 1463 2011 1495 etiam

142 1506 184 1538 de
207 1506 364 1548 Lycurgo
385 1503 593 1546 judicatu),
617 1500 711 1542 cujus
734 1500 938 1544 prudentiam
961 1506 995 1533 et
1018 1501 1208 1533 felicitatem
1232 1502 1263 1533 iu
1288 1502 1455 1544 republica
1477 1503 1708 1535 constituenda
1731 1508 1765 1535 et
1780 1504 1954 1538 Socratem
1977 1512 2012 1539 et

139 1550 313 1582 Platonem
338 1558 471 1589 semper
493 1546 625 1578 maximi
649 1546 772 1577 fecisse
791 1548 932 1576 constat.
978 1544 1072 1584 Quae
1094 1545 1122 1575 si
1146 1551 1236 1576 recte
1259 1545 1512 1588 disputavimus,
1536 1546 1600 1576 hoc
1620 1546 1770 1587 profecto
1794 1553 1890 1579 extra
1913 1549 2010 1580 dubi-

141 1593 300 1624 tationem
323 1591 466 1632 positum
489 1590 704 1630 arbitramur,
739 1586 895 1629 quidquid
919 1587 951 1618 in
975 1591 1087 1618 nostro
1111 1586 1243 1629 dialogo
1265 1587 1361 1618 Plato
1385 1588 1616 1630 reprehendat,
1641 1589 1672 1619 in
1696 1598 1757 1620 eos
1781 1599 1865 1631 quos
1889 1593 2012 1628 θείους

140 1635 288 1677 appellet
310 1634 403 1676 ipsos
426 1633 505 1664 nihil
529 1630 796 1673 reprehensionis
819 1629 937 1661 nedum
954 1629 1081 1662 ludibrii
1104 1635 1159 1662 aut
1181 1631 1402 1662 cavillationis
1425 1631 1563 1671 cadere,
1599 1631 1661 1663 sed
1683 1632 1762 1663 illuc
1786 1638 1910 1665 tantum
1934 1645 2012 1675 per-

140 1680 260 1717 tinere,
287 1688 328 1708 ne
352 1677 426 1718 quis
448 1676 511 1707 hac
534 1675 608 1716 ipsa
630 1674 757 1706 illorum
782 1674 984 1714 praestantia
1007 1672 1202 1714 seducatur,
1225 1678 1260 1705 ut
1282 1673 1404 1715 aliquid
1426 1673 1502 1705 inde
1525 1673 1610 1705 disci
1632 1674 1832 1716 virtutisque
1855 1675 2011 1710 doctores

140 1721 255 1754 haberi
280 1730 382 1763 posse
404 1723 561 1759 censeat,
602 1720 685 1760 quae
709 1716 795 1749 enim
818 1716 850 1747 in
874 1715 915 1747 iis
939 1716 1109 1759 miremur,
1142 1716 1224 1759 ipsis
1247 1721 1371 1748 tantum
1394 1716 1554 1749 divinitus
1578 1716 1654 1749 data
1683 1717 1790 1750 fuisse
1817 1729 1924 1761 neque
1947 1721 2010 1753 hu-

141 1775 238 1796 mano
262 1763 394 1794 arbitrio
419 1763 492 1793 aliis
515 1760 600 1792 tradi
624 1770 744 1802 posse,
768 1759 950 1799 eademque
970 1762 1137 1799 poetarum
1157 1769 1258 1790 causa
1279 1765 1345 1800 est,
1369 1760 1486 1800 quibus
1504 1769 1603 1801 quum
1626 1760 1723 1791 Plato
1740 1760 1870 1793 videret
1884 1772 1924 1794 ae
1949 1772 2010 1794 ua-

141 1807 192 1840 les
216 1816 298 1838 suos
320 1806 365 1837 ita
387 1805 488 1846 abuti,
510 1808 547 1836 ut
569 1814 632 1835 non
656 1807 781 1834 tantum
802 1802 937 1844 puerilis
959 1801 1171 1833 institutionis
1194 1806 1389 1844 argumenta
1410 1801 1488 1834 inde
1511 1807 1694 1845 sumerent,
1713 1802 1774 1835 sed
1796 1805 1901 1836 omnis
1950 1816 2010 1838 oc-

140 1852 245 1882 trinae
277 1850 406 1880 semina
437 1847 634 1879 carminibus
658 1856 769 1877 eorum
792 1845 951 1876 contineri
974 1844 1285 1886 arbitrarentur-⁸²),
1309 1845 1498 1885 multosque
1521 1855 1562 1876 eo
1585 1846 1794 1886 insipientiae
1815 1848 2011 1890 procedere,

139 1897 175 1924 ut
198 1893 227 1923 si
252 1891 326 1933 quis
350 1891 530 1921 Homerum
554 1889 741 1920 memoriter
763 1891 892 1918 teneret
914 1887 1001 1918 nulla
1023 1887 1160 1928 amphus
1193 1885 1366 1928 disciplina
1389 1886 1540 1929 indigere
1563 1887 1627 1920 sibi
1650 1887 1906 1932 videretur⁶⁸),
1945 1892 2010 1934 ipsi

140 1940 250 1968 autem
274 1937 394 1976 poetae
418 1937 653 1975 poetarumque
674 1932 872 1971 interpretes
895 1940 954 1962 sua
978 1935 1047 1961 arte
1071 1930 1211 1961 omnium
1235 1941 1342 1961 rerum
1371 1930 1561 1962 facultatem
1584 1932 1743 1962 contineri
1763 1932 2010 1976 jactarentssv),

140 1978 204 2010 hoc
225 1978 299 2019 ipso
322 1977 462 2009 coiisilio
486 1976 618 2007 divinos
642 1974 844 2016 appellavit,
881 1976 917 2004 ut
947 1973 1123 2004 carminum
1153 1972 1389 2014 praestantiam
1416 1972 1458 2004 ab
1486 1973 1654 2006 hominum
1675 1973 1793 2006 merito
1815 1974 2012 2018 sejungeret

247 2135 299 2170 Π)
322 2134 452 2170 Republ,
481 2134 543 2166 vn,
574 2143 601 2169 p.
629 2132 682 2160 518
712 2132 744 2160 Ε.
771 2147 804 2153 ·—
830 2131 883 2159 '185
911 2130 1003 2166 chg,
1026 2131 1060 2158 11.
1090 2140 1117 2166 p·
1143 2129 1199 2157 653
1226 2131 1265 2158 A:
1291 2132 1415 2169 φρόνησιν
1435 2131 1465 2160 δι’
1483 2132 1525 2158 καὶ
1542 2131 1653 2166 ἀληθεῖς
1664 2132 1740 2163 δόξας
1760 2135 1885 2166 βεβαίους
1904 2135 2013 2171 ηἰμιχς

141 2171 192 2200 ἴτω
223 2172 265 2198 καὶ
284 2172 350 2206 πρὸς
378 2172 408 2198 τὸ
434 2171 519 2208 γῆρας
537 2173 704 2207 παρεγίνετο·
723 2169 808 2200 τίλιος
827 2162 898 2195 ὅόῗνν
917 2170 988 2195 ἐστιν
1007 2168 1151 2204 ἅνθρωπος
1171 2167 1256 2194 ταῦτα
1277 2170 1319 2195 καὶ
1340 2170 1373 2196 ‘ru'
1394 2171 1420 2196 ἐν
1443 2170 1547 2199 τούτοις
1566 2169 1656 2195 mirra
1678 2173 1833 2204 ιρκτημένος
1851 2171 1954 2204 ἀγαθαί,
1975 2189 2010 2194 ..-

141 2205 192 2238 ἵεί)
214 2209 274 2234 Ubi
295 2207 368 2234 illud
391 2217 509 2242 qunque
528 2216 578 2233 noa
599 2206 740 2237 advertit,
762 2206 836 2239 quod
859 2214 923 2231 enin
946 2204 994 2238 qni
1017 2207 1075 2229 ῥ’θιι
1095 2204 1158 2229 ιῖνιιι
1181 2205 1331 2236 φιλοσοφίας
1358 2205 1498 2232 virtutem
1528 2208 1629 2231 nactus
1653 2205 1702 2237 sit,
1721 2207 1750 2232 ἐν
1769 2211 1918 2242 τεταγμένη
1936 2209 2012 2234 πολι-

138 2249 197 2271 υἰιι
220 2244 325 2270 vixisse
353 2243 410 2275 nit,
431 2243 514 2278 {quon
542 2248 642 2270 autem
674 2244 737 2275 θείᾳ
766 2245 843 2276 μοίρᾳ
870 2241 959 2266 bono·
988 2240 1053 2266 lieri
1073 2240 1153 2266 dicit.
1174 2240 1209 2266 nd
1232 2245 1386 2276 corruptas
1403 2240 1514 2276 pariter
1534 2249 1567 2267 ac
1586 2248 1670 2267 sanas
1689 2250 1737 2268 ren
1759 2239 2012 2278 publica-‘resera

142 2273 292 2316 effla-gg.
315 2279 383 2311 xit,
411 2289 437 2313 p.
456 2278 508 2306 951
531 2278 563 2304 R.
584 2294 614 2299 -
640 2278 676 2305 80
713 2278 843 2313 Republ.
869 2276 916 2302 tv,
938 2286 963 2308 p.
981 2276 1035 2302 1130
1064 2276 1105 2309 133
1132 2277 1169 2301 vf-
1185 2277 1260 2302 Aeta
1280 2276 1343 2302 Sor.
1363 2277 1414 2302 Gr.
1431 2286 1457 2311 p.
1471 2277 1497 2305 7.
1518 2291 1551 2297 -
1571 2275 1623 2309 81)
1647 2276 1777 2313 Repubt.
1799 2278 1834 2310 V,
1857 2288 1883 2313 p.
1903 2279 1958 2306 ⁴69
1977 2282 2012 2308 A.

141 2332 174 2338 ..-
195 2316 232 2342 82
282 2316 372 2347 Legg.
402 2315 434 2344 11,
462 2324 488 2349 p.
515 2315 568 2341 671
591 2314 626 2339 1).
651 2329 669 2333 —
700 2314 751 2341 83)
773 2312 903 2347 Xennplt.
927 2312 1015 2337 Mem.
1036 2312 1056 2337 Ι.
1078 2313 1102 2338 1.
1123 2312 1146 2337 9.
1171 2326 1204 2331 ·-
1223 2311 1275 2339 84}
1300 2312 1372 2340 lliid.
1393 2312 1439 2342 lll.
1458 2312 1486 2341 9.
1508 2312 1542 2338 1⁴1
1562 2315 1593 2338 et.
1612 2311 1653 2339 15.
1674 2327 1710 2333 —
1732 2313 1784 2347 85)
1804 2314 1934 2349 Republ.
1959 2315 2008 2350 VI,

141 2361 168 2387 p.
186 2351 241 2378 500
260 2352 302 2382 1);
324 2352 360 2377 cf.
379 2350 476 2377 Alcib.
495 2349 515 2381 l,
535 2359 562 2385 p.
582 2349 636 2377 133
656 2350 690 2380 C,
711 2349 866 2376 Theaetet.
887 2357 912 2383 p.
934 2348 986 2375 nte
1009 2348 1041 2380 B,
1064 2347 1194 2383 Sopliist.
1213 2357 1239 2382 p.
1258 2347 1313 2375 216
1331 2348 1355 2374 Β
1377 2351 1432 2374 etc.
1451 2364 1484 2369 -
1505 2347 1555 2378 86)
1577 2347 1670 2384 Legg.
1690 2349 1736 2382 111,
1754 2360 1781 2386 p.
1799 2350 1851 2377 691
1873 2349 1911 2378 E:
1935 2352 2011 2383 ,ame

139 2399 182 2417 τις
202 2388 364 2423 ἀνθρωπίνη
383 2389 531 2420 μεμιγμένη
550 2387 615 2420 θείᾳ
632 2386 688 2412 τινὶ
706 2386 825 2416 δυνάμει.
845 2400 877 2404 -
899 2383 950 2415 87)
977 2384 1098 2419 Protag.
1127 2393 1152 2419 p.
1170 2384 1225 2410 325
1243 2383 1285 2412 E:
1315 2383 1443 2418 Republ.
1460 2383 1499 2416 X,
1521 2394 1547 2419 p.
1566 2383 1621 2411 598
1640 2385 1682 2419 E;
1707 2387 1745 2414 cf.
1762 2386 1869 2413 Jacob·
1880 2387 2010 2420 academ,

141 2423 245 2451 Rcden
267 2432 294 2457 p.
315 2422 380 2452 288,
403 2422 499 2448 Ulrici
520 2422 627 2448 Gen-cn.
648 2422 676 2452 d,
698 2421 808 2448 hellen.
827 2420 1002 2447 nia-liikunst
1025 2419 1062 2446 Τ.
1091 2419 1114 2451 1,
1135 2429 1163 2454 p.
1194 2419 1255 2450 185,
1277 2419 1415 2446 Kreuscri
1439 2420 1563 2449 Homer.
1586 2419 1767 2457 Rhapsoden
1784 2431 1812 2458 p.
1828 2421 1882 2450 131
1902 2426 1958 2451 etc.
1972 2435 2008 2448 a·

142 2458 195 2495 88)
224 2457 358 2492 Xenoph.
378 2456 516 2494 Sympoa.
534 2457 581 2489 111.
600 2456 620 2485 5
639 2461 670 2485 et
683 2457 733 2487 lv.
755 2457 783 2485 6.
799 2472 835 2478 -—
853 2456 905 2491 89)
924 2456 1003 2484 Plnt.
1023 2455 1108 2491 Apol,
1125 2464 1153 2491 p,
1172 2454 1210 2482 22
1229 2456 1273 2490 1);
1292 2455 1351 2482 lon.
1371 2465 1399 2491 p.
1419 2455 1474 2483 531
1493 2466 1559 2493 sqq.
1577 2471 1614 2477 —
