2278 2724
1959 27 2026 63 VII

148 145 262 184 potest
283 141 497 174 contentione
520 140 619 173 docet
639 140 712 183 ⁵⁶),
736 140 801 173 hoc
820 140 896 184 ipso
919 140 1102 175 divinitatis
1124 141 1289 175 vocabulo
1314 140 1399 173 adeo
1422 140 1561 172 abusum
1584 148 1664 171 esse
1684 139 1804 181 velint,
1827 136 1913 170 utin
1931 135 2020 168 ludi-

149 185 254 217 brium
278 191 309 218 et
331 185 585 218 contemtionem
608 193 733 227 eorum,
755 194 839 227 quos
862 184 974 218 divino
997 186 1113 228 spiritu
1136 186 1268 218 afflatos
1290 184 1390 227 dicat,
1414 183 1567 226 verterit3
1599 181 1686 225 quod
1709 183 1774 216 etsi
1796 192 1857 224 per
1882 179 2021 213 ironiam

147 233 272 260 tantum
295 229 365 260 fleri
391 227 626 269 respondeant,
650 227 721 269 ipsa
752 228 867 269 opinor
890 229 1012 260 ironiae
1042 229 1098 260 vis
1120 229 1152 260 in
1178 239 1218 260 eo
1241 229 1398 269 cernitur,
1420 232 1456 259 ut
1478 231 1536 259 aut
1558 227 1645 259 laudi
1670 226 1787 258 demus
1808 225 1906 256 alicui
1931 223 2019 265 quod

147 271 270 303 rectius
292 272 374 302 vitio
392 274 597 312 verteretur,
629 274 684 301 aut
709 271 929 312 appellatione
958 276 1105 314 utamur,
1138 281 1223 314 quae
1253 271 1416 303 contraria
1439 269 1485 302 sit
1506 269 1538 301 ei
1561 279 1658 313 quam
1684 280 1721 301 re
1744 278 1828 300 vera
1850 268 1882 299 in
1905 272 2018 299 mente

146 314 338 356 habeamus,
362 324 497 356 quorum
522 317 693 356 neutrum,
725 314 755 346 si
777 318 868 346 recte
888 314 1009 355 video,
1042 315 1075 347 in
1098 325 1172 347 eum
1196 315 1323 356 locum,
1354 314 1396 346 de
1425 323 1490 356 quo
1512 313 1669 356 agimus,
1699 311 1886 344 conveniet.
1931 311 2016 343 Sive

146 358 232 389 enim
257 358 345 389 serio
369 357 503 388 divinos
524 356 704 399 judicabat,
727 356 781 399 qui
804 357 877 389 sine
900 357 1068 390 doctrinae
1090 368 1154 400 ope
1176 357 1298 401 aliquid
1321 362 1415 391 recte
1437 356 1600 399 facerent,
1623 356 1687 388 hoc
1701 366 1768 387 non
1784 353 1935 387 simulata
1955 352 2018 386 sed

146 410 229 433 vera
252 400 349 432 laude
373 399 506 441 dignum
531 400 654 431 habere
675 404 816 442 poterat,
839 401 914 432 sive
936 401 1010 443 quis
1032 400 1064 432 id
1088 405 1194 443 ipsum
1220 401 1298 434 κατ’
1321 401 1531 441 ἂντίφρασιν
1554 405 1680 432 tantum
1703 399 1744 431 iis
1764 399 1860 430 tribui
1879 403 2016 438 statuat,

146 448 183 475 ut
205 443 296 476 θεῖοι
321 443 546 485 appellentur,
581 452 702 474 vereor
723 447 759 475 ut
781 443 843 475 hac
864 444 991 476 ratione
1013 444 1111 476 etiam
1141 445 1286 487 reliquos
1315 445 1391 476 illos
1420 443 1513 475 locos
1540 442 1702 486 expedire
1735 442 1865 484 possit,
1899 441 2016 483 quibus

147 486 287 517 eandem
312 487 512 517 sententiam
536 490 601 516 tam
625 486 723 517 claris
745 486 858 518 verbis
882 496 1075 528 expressam
1098 488 1259 529 legimus,
1292 491 1329 519 ut
1352 486 1473 518 nemini
1497 485 1648 518 dubitare
1671 485 1788 526 liceat,
1819 484 1897 526 quin
1920 484 2016 515 Plato

148 528 254 561 bonos
278 528 375 561 viros
399 529 557 561 divinitus
580 528 745 561 exsistere
767 539 869 571 posse
891 530 1089 563 existimarit
1110 530 1182 572 ⁵⁷);
1214 529 1300 573 quod
1323 535 1433 562 autem
1455 528 1752 573 Morgensternius
1775 527 1853 559 inde
1876 527 2017 569 potissi-

147 582 238 604 inum
259 571 397 603 ironiam
421 577 535 614 patere
558 572 741 613 arbitratur,
764 572 838 613 quia
860 573 924 604 viri
948 573 1034 614 boni,
1057 573 1112 615 qui
1134 574 1207 605 sine
1216 574 1364 605 doctrina
1386 574 1478 615 fiant,
1503 583 1576 605 cum
1599 571 1736 604 vatibus
1756 571 1960 612 hariolisque
1983 575 2018 602 et

148 619 219 646 toto
241 617 411 657 poetarum
434 624 560 658 genere
583 618 828 658 comparentur,
851 614 893 647 de
916 615 1033 658 quibus
1054 615 1151 648 Plato
1171 616 1219 649 ita
1240 616 1396 656 senserit,
1419 620 1455 648 ut
1477 626 1542 648 non
1565 615 1702 648 multum
1724 625 1769 647 ex
1790 614 1856 647 hac
1879 624 2018 656 compa·
2044 647 2047 649 .

146 658 275 690 ratione
298 658 433 690 honoris
456 659 488 690 in
511 658 587 690 illos
610 657 793 690 redundare
812 658 977 702 videatur,
994 658 1027 690 id
1051 659 1203 701 quamvis
1224 659 1475 700 speciosissime
1498 659 1619 691 dietum
1644 659 1711 700 sit,
1749 658 1887 700 propius
1905 663 2016 688 tamen

147 700 392 733 consideratum
416 711 544 734 omnem
570 701 694 732 ironiae
717 700 941 742 suspicionem
962 701 1004 732 ab
1025 700 1174 733 hocloco
1187 703 1379 735 removebit.
1423 703 1535 744 Ipsum
1555 701 1687 744 quidem
1705 701 2014 742 Morgensternium

146 745 175 776 si
199 744 387 777 audiremus
405 745 480 787 ⁵⁸),
512 744 620 776 omnia
650 753 735 786 quae
763 744 889 785 passim
923 743 1010 786 apud
1039 744 1211 777 Platonem
1234 745 1276 776 de
1298 746 1410 777 divino
1433 748 1604 787 poetarum
1627 745 1737 777 surore
1763 746 1936 785 leg-untur,
1970 754 2013 774 ex

144 787 274 830 vulgari
294 792 423 820 >tantum
447 786 604 829 loquendi
628 786 868 819 consuetudine
889 787 1039 820 desumta
1065 792 1099 820 et
1121 788 1194 829 ipsa
1215 788 1337 830 pariter
1357 787 1399 819 ad
1417 789 1661 820 cavillationem
1679 787 1838 830 redirent,
1861 786 2014 818 callidis—

145 830 231 862 simo
254 831 384 862 scilicet
405 831 545 862 consilio
569 830 614 861 ita
636 834 878 873 comparatam,
908 835 944 862 ut
966 839 1028 861 nee
1050 833 1168 872 poetas
1192 831 1375 863 offenderet
1397 831 1556 874 vulgique
1578 832 1766 873 opinionem
1790 832 1885 871 sequi
1913 830 2013 861 vide-

142 878 250 913 retur3
273 873 351 905 huic
372 884 454 904 vero
477 873 616 904 artificio
639 876 673 903 ut
696 872 729 902 in
751 872 853 904 certis
874 873 1058 905 hominibus
1080 874 1185 905 obiter
1207 874 1470 915 perstringendis
1492 875 1585 905 locus
1606 874 1706 906 suerit
1727 874 1798 915 5Ἰ),
1821 874 1890 905 illic
1908 879 2013 914 certe,

145 916 199 946 ubi
223 915 265 946 de
287 920 357 946 toto
383 925 509 956 genere
528 913 739 955 judicandum
762 919 868 957 esset,
898 916 977 947 nihil
1000 919 1056 946 aut
1081 916 1275 947 imbecillius
1305 921 1360 948 aut
1389 916 1618 958 philosophica
1644 917 1812 959 gravitate
1842 916 2013 957 indignius

146 957 289 990 inveniri
313 962 444 1000 poterat
466 958 529 990 hac
550 957 666 999 ironia,
687 966 783 999 quam
802 956 870 999 jam
893 958 1071 1000 antiquitus
1095 958 1225 991 fuerunt
1246 958 1299 1001 qui
1322 959 1452 991 omnino
1475 965 1607 1001 praeter
1623 959 1860 991 necessitatem
1876 959 2010 991 Socrati

143 1000 277 1034 obtrudi
300 1001 455 1033 viderent
471 1001 542 1042 ⁶0),
565 1010 673 1041 neque
695 1000 780 1031 inter
802 1002 1005 1033 recentiores
1033 1001 1205 1033 defuerunt
1222 1002 1278 1043 ⁶¹)
1308 1003 1362 1044 qui
1382 1007 1538 1034 accurata
1562 1004 1704 1034 omnium
1729 1002 1889 1033 dictorum
1914 1011 2010 1032 com-

141 1043 312 1086 paratione
340 1044 567 1086 intelligerent
609 1042 782 1075 Platonem
812 1044 954 1077 furorem
983 1044 1146 1086 poeticum
1176 1045 1298 1087 pariter
1326 1049 1425 1087 atque
1460 1047 1652 1077 amatorium
1690 1045 1779 1076 serio
1822 1045 2010 1085 agnovisse

141 1092 333 1129 tantumque
355 1087 503 1120 abfuisse
535 1091 570 1118 ut
599 1096 673 1118 eum
705 1087 979 1129 reprehenderet,
1009 1092 1044 1119 ut
1071 1098 1185 1120 verum
1214 1091 1343 1129 poetam
1371 1089 1444 1120 sine
1474 1089 1584 1131 aliquo
1616 1090 1759 1120 numinis
1790 1088 1903 1119 afflatu
1936 1088 2008 1119 lieri

139 1140 242 1173 posse
266 1135 405 1173 negaret
421 1130 486 1172 ⁶²);
507 1129 637 1162 aelicet
659 1130 690 1161 in
714 1129 778 1161 hoc
798 1141 923 1173 genere
936 1136 1069 1173 propter
1090 1136 1329 1174 argumentum,
1352 1131 1383 1162 in
1407 1141 1471 1173 quo
1493 1132 1686 1174 plerumque
1710 1131 1907 1170 elaboraret,
1932 1132 2008 1162 imi-

141 1174 277 1206 tationis
289 1174 391 1205 multa
402 1174 501 1205 etiam
513 1172 784 1215 reprehendenda
800 1175 963 1206 invenerit
975 1174 1129 1214 ⁶³),illud
1147 1175 1296 1216 profecto
1313 1179 1438 1205 temere
1456 1175 1537 1206 fecit
1549 1175 1839 1216 Morgensternius
1857 1179 1891 1205 ut
1909 1179 2008 1205 vates

140 1226 272 1259 quoque
291 1222 326 1248 et
348 1216 502 1249 fatidicos
525 1216 639 1249 eadem
664 1215 790 1247 ludibrii
813 1217 1004 1259 suspicione
1025 1217 1330 1260 comprehenderet,
1352 1227 1486 1259 quorum
1510 1219 1678 1249 consortio
1692 1218 1768 1249 illos
1786 1218 1879 1258 ipsos
1896 1217 2007 1259 potius

139 1260 310 1292 honestari
343 1270 525 1301 veramque
555 1259 726 1301 scriptoris
756 1265 899 1291 mentem
921 1260 1039 1301 aperiri
1062 1260 1231 1292 decuisset
1249 1261 1319 1301 ⁶⁴).
1363 1261 1535 1292 Socratem
1559 1267 1650 1292 certe
1679 1261 1846 1291 vaticiniis
1878 1261 2007 1301 totique

139 1303 202 1334 arti
224 1303 373 1345 augurali
397 1313 462 1334 non
486 1302 650 1334 minimum
673 1302 838 1343 tribuisse,
861 1302 1095 1343 Xenophontis
1118 1303 1310 1334 testimonio·
1329 1303 1413 1334 satis
1435 1308 1567 1334 constat
1587 1304 1663 1345 65),
1695 1314 1804 1344 neque
1829 1303 2004 1333 Platonem

139 1345 203 1377 hae
224 1346 256 1377 in
282 1355 383 1377 causa
406 1345 630 1387 praeceptoris
651 1345 797 1387 vestigia
819 1345 995 1387 reliquisse
1018 1355 1114 1386 quum
1146 1346 1220 1376 aliis
1237 1345 1342 1386 ipsius
1362 1345 1495 1386 judiciis
1517 1346 1573 1385 611)
1601 1350 1667 1377 tum
1692 1346 1851 1387 imprimis
1876 1345 2003 1376 Timaei

140 1389 214 1420 loco
238 1393 375 1430 apparet
390 1389 457 1430 0·),
479 1388 531 1420 ubi
555 1398 651 1429 quum
675 1388 773 1420 claris
795 1388 908 1420 verbis
929 1388 1147 1430 perscriptum
1169 1388 1330 1429 legamus,
1350 1388 1597 1420 hariolationem
1618 1389 1775 1420 divinitus
1793 1388 1902 1420 datam
1924 1398 2005 1420 esse

138 1431 180 1463 ad
204 1431 446 1463 resarciendam
470 1430 720 1471 imprudentiam
749 1431 921 1462 humanam
953 1440 1015 1461 nec
1044 1441 1125 1462 sana
1155 1437 1266 1462 mente
1302 1441 1486 1473 quenquam
1518 1432 1577 1462 sed
1613 1436 1668 1462 aut
1699 1431 1915 1462 dormientem
1947 1436 2005 1462 aut

139 1474 334 1506 delirantem
359 1474 399 1506 ad
424 1483 494 1505 eam
521 1473 620 1515 ferri,
642 1483 767 1516 negare
790 1483 854 1504 non
877 1483 1054 1515 possumus
1077 1474 1306 1515 philosophum
1331 1474 1429 1504 etiam
1458 1478 1590 1515 praeter
1613 1474 1808 1514 sapientiam
1833 1474 1865 1504 in
1890 1474 2004 1504 divina

138 1527 202 1558 ope
224 1517 313 1548 viam
336 1517 377 1548 ad
401 1526 515 1547 verum
537 1515 785 1557 adipiscendum
808 1516 948 1556 positam
971 1521 1124 1557 putasse3
1162 1517 1247 1547 idem
1271 1521 1379 1547 autem
1401 1518 1510 1557 poetis
1542 1527 1672 1557 quoque
1704 1517 1744 1547 ab
1769 1517 1842 1557 ipso
1866 1525 2004 1547 conces-

138 1569 210 1591 sum
233 1569 311 1591 esse
334 1570 377 1591 ex
400 1559 463 1590 alio
488 1559 561 1590 loco
584 1568 648 1590 non
671 1559 778 1590 minus
799 1558 887 1589 claro
910 1558 1031 1602 prodit,
1053 1559 1107 1590 ubi
1130 1559 1184 1590 vel
1210 1559 1456 1600 praeteritarum
1483 1569 1587 1590 rerum
1611 1559 1837 1600 temporisque
1861 1558 2002 1590 fabulosi

137 1602 328 1634 memoriam
350 1612 416 1633 non
438 1601 510 1633 sine
530 1601 662 1633 numine
684 1611 743 1633 eos
764 1600 944 1633 tradidisse
967 1601 1014 1632 ait
1029 1601 1100 1643 υὅ),
1141 1601 1227 1643 quod
1251 1601 1280 1633 si
1309 1611 1352 1632 ex
1380 1604 1550 1642 poetarum
1577 1606 1758 1643 vatumque
1788 1601 2004 1633 similitudine

135 1781 221 1808 modo
239 1781 413 1813 monuimus,
435 1781 583 1809 doctrinae
603 1780 762 1816 plurimum
783 1780 933 1814 tribuisse,
954 1785 985 1808 et
1003 1781 1133 1816 reliquos
1154 1781 1317 1807 Son-nitens
1338 1782 1527 1816 comprobat,
1555 1782 1591 1808 de
1611 1792 1669 1816 qno
1689 1792 1765 1809 nnnc
1789 1784 1921 1818 agimus,
1949 1793 2002 1811 nec

137 1817 253 1843 divinae
281 1817 369 1844 sortis
399 1816 459 1842 vim
488 1817 691 1849 contemsisse,
726 1817 777 1842 sed
803 1821 921 1851 praeter
946 1817 1106 1843 doctrinam
1136 1818 1216 1843 illam
1245 1826 1361 1851 qnoque
1389 1818 1531 1850 magistro
1559 1819 1663 1844 ducem
1695 1819 1785 1846 fuisse
1811 1820 2004 1846 existimasse.

136 1868 171 1874 —-
197 1852 248 1886 56)
274 1852 401 1888 nepum,
431 1853 476 1885 lt,
503 1863 530 1888 p.
556 1854 611 1880 379
636 1853 668 1879 Β.
691 1868 718 1872 -
740 1852 790 1886 5Ὶ)
816 1853 944 1887 chnbt.
965 1853 993 1879 ll
1008 1872 1016 1884 ,
1048 1863 1074 1888 p.
1093 1853 1147 1879 3615
1168 1854 1189 1879 C
1210 1858 1239 1878 et
1268 1853 1326 1884 Vt,
1357 1863 1384 1888 p.
1403 1854 1457 1880 492
1479 1855 1519 1886 1¹25
1551 1854 1646 1889 Legg.
1669 1855 1692 1886 1,
1716 1865 1741 1890 p.
1761 1856 1816 1882 6⁴2
1836 1857 1857 1881 C
1877 1860 1907 1882 et
1930 1856 2001 1888 xli,

135 1898 163 1924 p.
180 1888 234 1915 951
256 1888 279 1915 Β
301 1894 356 1915 etc.
387 1903 406 1906 —
429 1887 478 1921 58)
500 1890 609 1915 Cornrn.
631 1889 666 1914 de
689 1888 767 1914 Plnt.
790 1888 918 1923 Repulit.
947 1898 972 1923 p.
991 1888 1045 1915 298
1077 1904 1106 1908 —
1130 1888 1165 1914 59
1205 1888 1245 1915 Ut
1267 1897 1295 1913 v.
1314 1898 1337 1914 c.
1356 1890 1391 1915 de
1412 1890 1536 1915 Prodico
1557 1890 1584 1916 in
1611 1893 1730 1925 l’rntng.
1751 1901 1777 1926 p.
1797 1891 1850 1917 3¹5
1872 1892 1908 1917 E:
1930 1893 2000 1917 mir-

136 1935 211 1956 ηοφος
229 1924 281 1961 γάρ
299 1935 343 1956 μοι
363 1924 435 1950 doaz?
451 1925 464 1950 ὗ
484 1925 550 1961 ἀνήρ
570 1921 637 1951 εἶναι
654 1924 696 1950 καὶ
718 1926 797 1954 θεῖος,
817 1924 852 1950 de
872 1924 1019 1950 Simonide
1039 1923 1066 1951 in
1078 1924 1204 1958 Republ.
1228 1924 1250 1955 Ι,
1272 1933 1301 1959 p.
1324 1924 1378 1952 331
1400 1925 1439 1952 E:
1459 1927 1534 1957 σοφὸς
1551 1927 1602 1962 γάρ
1623 1927 1665 1953 καὶ
1685 1925 1758 1957 &itae
1777 1926 1789 1951 ὅ
1808 1928 1875 1963 ἀνήρ
1895 1931 1949 1953 etc.
1967 1941 2003 1948 —

137 1961 188 1995 tto)
214 1961 257 1987 cf.
279 1960 384 1987 Gesch.
406 1969 433 1988 u.
457 1961 574 1996 System
596 1961 623 1990 d.
652 1960 760 1995 platon.
789 1959 891 1986 Philo·
921 1960 958 1990 T.
979 1960 1004 1992 Ι,
1025 1969 1051 1995 p.
1076 1960 1140 1990 326,
1159 1974 1195 1982 -—
1222 1960 1272 1993 61)
1295 1960 1340 1991 cf,
1361 1969 1417 1987 van
1442 1961 1560 1988 Heu-de
1584 1963 1670 1989 initia
1693 1962 1803 1990 Philon.
1829 1965 1933 1991 Platon
1967 1964 2003 1990 T.

135 1997 160 2028 1,
182 2005 209 2032 p.
229 1995 282 2023 122
312 2005 387 2030 ειμι,
406 1996 529 2024 Nitzseh
551 1997 587 2024 ad
608 1996 687 2024 Plat.
712 1996 773 2022 lon.
798 2004 825 2031 p.
844 1996 880 2022 lo
898 2005 982 2031 sqq,‚
1012 1996 1041 2022 }1
1081 1995 1194 2022 Ritteri
1212 1995 1318 2026 Geseh.
1342 1997 1367 2023 d.
1388 2005 1412 2023 a.
1436 1997 1545 2024 Philos.
1563 1999 1598 2025 T.
1622 1999 1661 2031 ll,
1682 2008 1707 2034 p.
1727 1998 1790 2029 233,
1810 2000 1860 2026 Ed.
1879 1999 2003 2026 Miilleri

135 2032 242 2060 Gesch.
272 2033 299 2060 d.
330 2033 460 2061 Theorie
488 2033 515 2064 d,
546 2033 641 2059 Kunst
669 2031 718 2058 bei
745 2031 798 2057 den
826 2032 911 2058 Alteri
941 2033 967 2058 T
1003 2032 1034 2063 Ι,
1056 2041 1081 2066 μ
1102 2033 1137 2058 ιΗ
1158 2037 1213 2058 etc.
1232 2045 1264 2051 —-
1284 2032 1337 2065 62)
1364 2033 1492 2063 Phaedr,
1514 2044 1541 2069 p.
1559 2034 1614 2061 245
1637 2036 1676 2060 A:
1697 2035 1724 2065 ὃς
1742 2034 1802 2060 δίἲν
1821 2037 1886 2062 ἄνευ
1905 2040 2004 2066 μανίης

134 2068 251 2095 Monurffir
271 2070 316 2098 ἐπὶ
334 2070 471 2104 ποιητικάς
490 2069 577 2106 θύρης
595 2069 730 2104 ἀφίκηται,
748 2068 868 2099 πεισθεὶς
885 2068 920 2099 ὥς
939 2068 992 2102 ‹igm
1012 2068 1038 2094 ἐκ
1057 2070 1154 2102 τέχνης
1173 2067 1258 2097 ἱκανὸς
1279 2070 1390 2105 ποιητής
1409 2071 1535 2102 εὀόμινος,
1544 2071 1638 2105 dv).ch
1656 2071 1734 2101 αὐτός
1752 2082 1780 2097 τε
1799 2073 1842 2098 καὶ
1863 2072 1879 2107 ἡ
1901 2076 2004 2107 ποιήυις

133 2106 185 2131 ὑπὸ
204 2105 253 2139 τῆς
279 2107 332 2133 τῶν
356 2109 518 2137 μαινομένων
543 2105 560 2140 ἦ
587 2105 635 2131 τοῦ
661 2104 852 2140 σωφρονοίντος
884 2105 1030 2138 ἢφανίυθη.
1055 2116 1093 2124 ·-
1121 2105 1171 2136 63)
1199 2104 1289 2139 [avgg.
1318 2105 1370 2138 IV,
1398 2115 1425 2139 p.
1455 2107 1510 2133 719
1538 2107 1575 2132 C:
1595 2107 1705 2136 παλαιὸς
1723 2106 1811 2137 μῖθος
1831 2109 1872 2134 ὅτι
1892 2110 2005 2143 ποιητής

132 2141 233 2168 ὁπόταν
252 2142 279 2169 ἐν
300 2142 338 2178 τῷ
357 2142 464 2179 τρίποδι
482 2141 531 2176 τῖς
548 2142 659 2176 ΒῙοιῖσης
676 2139 827 2175 καθίζηται,
847 2142 905 2166 τότε
925 2140 969 2166 ot'vu
995 2140 1098 2176 ἔμφρων
1119 2141 1207 2170 ἐπὶν,
1227 2136 1280 2167 affair
1305 2141 1334 2168 δὲ
1358 2143 1439 2176 κρήνη
1459 2152 1500 2172 τις
1523 2143 1553 2168 τὸ
1581 2144 1654 2169 ἐπιὸν
1683 2143 1737 2178 ῥεῖν
1759 2143 1870 2175 ἑτοίμως
1892 2145 1933 2175 εἰῖ,
1960 2147 2002 2171 καὶ

132 2176 196 2212 τῆς
215 2180 349 2214 τέχνης
378 2180 486 2212 οὔσης
512 2189 528 2208 μ
541 2178 692 2212 ιμήσεως
715 2175 887 2210 ἀναγκάζεται
913 2178 1037 2206 ἐναντίως
1055 2176 1175 2211 ἀλλήλοις
1194 2177 1356 2211 ἀνθρώπους
1376 2176 1458 2204 ἑτοιὸἱν
1479 2179 1679 2209 διατιθεμένους
1697 2181 1807 2206 ἐναντία
1826 2173 1915 2214 λέγεινΙ
1930 2182 2002 2208 m‘ru‘t

132 2213 256 2243 πολλάκις
273 2227 295 2242 κ.
319 2226 341 2241 r.
361 2216 384 2240 λ.
430 2215 471 2240 De
492 2213 554 2248 ipsa
574 2213 703 2248 μιμητικῆ
722 2213 752 2239 ef
789 2211 918 2246 Sophist,
949 2221 977 2246 p.
1004 2211 1059 2238 236
1083 2217 1113 2238 et
1137 2213 1264 2247 nepum.
1292 2213 1348 2245 ΙΙΙ,
1370 2223 1395 2248 p.
1418 2213 1472 2239 392
1487 2223 1550 2248 sqq.
1570 2219 1600 2240 et
1621 2215 1658 2246 Χ,
1679 2224 1705 2249 p.
1731 2214 1787 2241 595
1813 2225 1879 2251 sqq,
1900 2233 1932 2236 —
1952 2210 2005 2252 (5⁴¹)

133 2249 230 2278 Probe
250 2251 327 2278 enim
347 2249 542 2286 distinguendi
557 2253 625 2276 sunt
643 2245 716 2284 quos
736 2257 809 2275 nune
828 2247 898 2275 dicit.
918 2247 1069 2284 χρησμῳδοὶ
1087 2252 1117 2274 et
1139 2249 1294 2279 θεομιέντιις
1312 2257 1329 2275 a
1349 2248 1468 2284 vulgari
1487 2251 1674 2284 χρησμολόγων
1693 2254 1725 2277 et
1742 2251 1864 2282 μάντεων
1885 2262 2002 2288 genere,

134 2284 185 2319 (1¹¹1
205 2287 279 2316 artis
300 2291 414 2315 tantum
434 2290 465 2314 ct
485 2285 643 2313 memoriae
663 2293 718 2321 ope
736 2283 827 2311 vilem
848 2288 1001 2319 quaestum
1022 2283 1186 2317 saciebant;
1214 2286 1252 2316 ef,
1286 2284 1410 2312 Lohecki
1433 2285 1566 2322 Aglaoph
1596 2295 1623 2321 p.
1641 2286 1716 2319 979,
1739 2287 1886 2325 Bottigeri
1913 2289 2002 2317 ldeen

134 2329 188 2347 zm·
217 2322 496 2358 Kunstniythologie
523 2322 561 2352 T.
587 2322 615 2355 l,
645 2331 673 2357 p.
695 2320 757 2353 105,
779 2320 921 2348 Nitzschii
945 2319 1060 2346 Melett.
1087 2320 1123 2347 de
1144 2321 1221 2348 nint.
1243 2321 1364 2348 Homeri
1385 2322 1411 2348 T
1444 2322 1465 2353 l,
1487 2331 1511 2357 p.
1532 2322 1594 2353 163.
1616 2337 1652 2344 —
1671 2323 1724 2358 65)
1744 2323 1832 2351 Mem.
1850 2326 1870 2356 Ι.
1888 2326 1913 2352 l.
1934 2326 1952 2353 2
1971 2330 2002 2354 et

133 2357 246 2390 ¹931V.
262 2360 290 2388 3,
312 2360 346 2386 12
363 2364 393 2387 et
407 2360 425 2387 7
450 2359 490 2386 10.
508 2374 539 2379 —
555 2358 605 2391 66)
620 2358 703 2393 Apol.
719 2357 791 2384 Soer
810 2366 836 2392 p.
849 2356 885 2383 33
901 2357 934 2389 C,
952 2356 1085 2391 Syrnpos.
1101 2366 1127 2391 p.
1141 2357 1197 2384 202
1213 2358 1246 2389 E,
1265 2357 1377 2384 Politio.
1395 2367 1421 2392 p.
1436 2358 1490 2384 290
1507 2359 1530 2384 C
1549 2363 1604 2385 etc.
1620 2374 1654 2379 —
1669 2359 1720 2393 m)
1739 2360 1807 2386 Tim
1834 2362 1918 2388 71E:
1932 2363 2001 2389 οὕτω

132 2393 241 2433 ὁῖκιιτορ
260 2395 370 2426 (ruffine
389 2396 431 2421 καὶ
449 2396 480 2421 τὸ
499 2395 596 2426 vace-*Zur
614 2393 761 2430 ἦμῶν,“ἷ’νσι
779 2393 907 2428 ἀληθείας
926 2402 964 2429 πῃ
983 2393 1184 2428 προςνὶπτοιντο,
1199 2397 1362 2428 κατέστησαν
1383 2396 1411 2420 ἐν
1431 2395 1516 2429 τούτῳ
1539 2396 1565 2421 τὸ
1584 2401 1720 2429 μαντεῖον,
1741 2397 1827 2422 ἱκανὸν
1846 2398 1875 2424 δέ
1896 2405 2002 2433 σημεῖον

133 2429 166 2459 ὦς
183 2433 312 2467 μαντικήν
330 2432 463 2467 ἀφροσύνη
485 2432 546 2462 θεὸς
564 2432 725 2467 ἀνθρωπίνη
743 2430 860 2456 δέδωκεν
880 2430 963 2459 οὐδεὶς
977 2430 1028 2465 γάρ
1049 2431 1139 2461 ἔννους
1156 2431 1303 2461 ἐφάπτεται.
1314 2430 1441 2465 μαντικῆς
1460 2433 1556 2458 ἐνθέου
1569 2433 1611 2457 καὶ
1633 2432 1752 2467 ἀληθοῦς
1771 2444 1793 2459 κ.
1816 2443 1841 2464 τ,
1859 2434 1881 2460 λ.
1898 2450 1934 2454 -
1952 2435 2003 2469 68)

134 2465 218 2505 Lege*
246 2469 287 2495 ill.
310 2478 327 2502 p
354 2468 409 2494 (382
429 2470 467 2494 A:
486 2469 554 2500 Mra
587 2470 638 2501 γάρ
658 2468 690 2502 ὃν]
710 2463 797 2492 ’ταῦτα
822 2467 857 2493 ταὶ
881 2468 934 2500 ῥ’,τη
958 2467 1025 2491 κιιτεὶ
1052 2468 1114 2491 θεόν
1139 2476 1195 2496 πως
1219 2468 1342 2502 εἰρημένη
1369 2469 1411 2492 καὶ
1437 2469 1505 2494 meret
1526 2469 1610 2498 φύσιν·
1630 2471 1705 2494 θεῖον
1724 2469 1775 2504 γάρ
1794 2464 1839 2496 οιῖνν
1859 2471 1892 2504 δή
1911 2473 1952 2496 καὶ
1976 2473 2001 2497 τὸ

133 2491 265 2539 “valamir
284 2515 313 2529 ον
333 2507 406 2537 γένος
427 2503 561 2539 ι”μιίμὸοῦν
580 2504 682 2529 eleimon
703 2502 756 2528 τῶν
772 2502 831 2528 κατ’
849 2502 980 2536 ἀλήθειαν
997 2505 1157 2535 γιγνομένων
1175 2503 1221 2531 ξύν
1240 2513 1295 2528 τισι
1314 2503 1414 2540 Χάρισι
1441 2505 1483 2529 καὶ
1510 2504 1633 2536 Μούσαις
1652 2505 1798 2536 ἐφάπτεται
1816 2506 1947 2533 ἑκάστοτε.
1966 2522 1998 2527 -——
