2321 2724
607 38 1024 87 ACADEMIA
1053 39 1668 87 MARBURGENSIS

204 231 1073 302 ffimwffimoefffflffl
1153 231 1432 301 &Um
1521 231 2070 315 &Quaem

1053 444 1091 472 S.
1123 443 1161 471 P.
1193 443 1233 471 D.

461 629 1155 665 COMMILITONIBUS
1206 629 1814 666 DILECTISSIMIS.

204 803 328 856 Inter
350 834 465 856 omnes
488 822 640 855 Platonis
664 822 819 864 dialogos
840 824 949 856 nullus
965 828 1029 864 est,
1054 823 1304 855 Commilitones
1327 822 1565 863 humanissimi,
1590 827 1642 869 qui
1665 824 1706 858 ad
1726 822 1911 865 juventutis
1933 823 2069 858 institu-

203 866 326 900 tionem
347 865 566 910 undequaque
588 865 695 908 aptior
716 866 825 899 videri
848 866 956 909 possit
979 876 1074 909 qnam
1098 866 1223 908 Meno,
1260 866 1313 909 qni
1349 876 1444 908 quum
1468 865 1535 897 sere
1559 871 1664 902 nunus
1686 867 1858 900 verborum
1882 868 2068 900 sententia..

203 921 339 953 rumque
359 911 563 952 singularum
582 909 795 940 difficultates
814 910 971 951 praebeat
988 914 1182 950 praeterque
1199 910 1329 940 solitam
1346 909 1495 940 Platonis
1519 909 1715 954 elegantiam
1732 916 1829 951 atque
1851 911 2068 944 urbanitatem

202 955 235 986 in
256 953 397 985 dicendo
417 953 505 985 hanc
533 952 596 984 sibi
620 952 820 993 peculiarem
843 951 1089 993 perspicuitatis
1113 957 1146 983 et
1169 951 1350 993 aequabilis
1364 951 1532 992 eujusdam
1546 953 1665 988 ductus
1683 954 1812 986 laudem
1825 952 1953 995 habeat,
1978 958 2068 987 totus

201 1001 311 1029 tamen
335 1005 376 1028 eo
398 1004 471 1027 cum
494 995 634 1027 artificio
658 999 693 1027 et
715 995 897 1026 subtilitate
911 995 1114 1036 compositus
1137 999 1200 1036 est,
1222 1000 1256 1025 ut
1275 995 1419 1036 legentis
1442 996 1582 1030 animum
1606 999 1646 1029 ab
1670 997 1760 1028 initio
1782 1005 1887 1037 usque
1905 996 1946 1027 ad
1969 997 2067 1029 finem

200 1040 337 1072 mirifice
364 1038 517 1081 retineat,
540 1048 604 1069 nec
626 1038 736 1080 magis
758 1037 923 1069 varietate
945 1046 1053 1069 rerum
1076 1046 1115 1068 ac
1138 1037 1285 1068 novitate
1309 1037 1454 1069 delectet
1475 1048 1570 1079 quam
1601 1039 1764 1072 constanti
1791 1043 1890 1080 atque
1912 1044 2067 1072 accurata

202 1081 389 1125 disputandi
412 1081 540 1113 ratione
558 1080 688 1122 doceat,
712 1080 872 1122 imprimis
895 1084 1004 1112 autem
1018 1080 1210 1112 Socraticae
1233 1080 1333 1121 illius,
1356 1089 1440 1121 quae
1462 1084 1602 1115 omnium
1626 1094 1682 1115 ore
1704 1082 1898 1123 celebratur,
1921 1083 2066 1115 methodi

200 1127 268 1158 vim
290 1134 477 1166 causasque
498 1128 564 1155 tam
587 1123 771 1155 luculenter
792 1123 942 1164 aperiat,
964 1127 1000 1154 ut
1022 1122 1120 1153 fuerit
1143 1122 1197 1163 qui
1219 1123 1337 1154 nullam
1361 1123 1518 1163 aptiorem
1543 1127 1709 1157 materiam
1730 1124 1909 1157 formandis
1931 1125 2068 1158 adoles-

200 1168 344 1202 centium
369 1166 515 1209 ingeniis
542 1165 684 1197 inveniri
699 1175 800 1207 posse
819 1164 1083 1205 existimarev).
1127 1165 1210 1196 Sive
1221 1165 1319 1207 igitur
1335 1166 1409 1196 Vos
1428 1165 1519 1206 ipsos
1536 1169 1633 1200 etiam
1658 1177 1743 1200 nunc
1769 1167 1966 1199 erudiendos
1990 1168 2066 1201 sive

199 1213 327 1245 futuros
354 1210 542 1251 juventutis
572 1209 754 1251 magistros
784 1209 880 1240 nobis
907 1218 1182 1250 proponeremuS,
1226 1218 1347 1250 operae
1378 1209 1515 1249 pretium
1541 1212 1656 1243 tacturi
1681 1212 1746 1243 visi
1770 1221 1905 1254 sumus»,
1928 1211 1956 1243 si
1981 1212 2066 1244 inter

198 1255 337 1299 plurima
358 1253 439 1296 alia,
468 1262 553 1296 quae
576 1252 629 1284 his
653 1250 816 1284 indicibus
839 1252 1048 1283 continentur
1070 1249 1231 1291 juvenilis
1260 1251 1453 1293 discipliuae
1477 1260 1681 1296 argumenta,
1706 1254 1804 1285 etiam
1823 1254 1919 1295 hujus
1942 1255 2065 1297 dialogi

198 1297 502 1340 interpretationem
527 1296 637 1328 Vobis
661 1294 880 1336 offerremus,
908 1293 996 1326 unde
1017 1294 1091 1325 sine
1115 1303 1236 1335 magno
1266 1294 1378 1326 labore
1402 1299 1435 1326 et
1457 1299 1620 1330 sermonis
1642 1298 1745 1329 Attici
1767 1308 1860 1329 usum
1884 1297 1970 1330 haud
1993 1309 2066 1330 me-

199 1342 343 1375 diocrem
359 1349 563 1383 comparare,
579 1343 614 1371 et
627 1337 797 1371 doctrinae
814 1337 1006 1370 Platonicae
1028 1336 1230 1379 gravissima
1252 1337 1375 1379 aliquot
1398 1338 1505 1379 capita
1528 1351 1570 1372 ex
1594 1342 1666 1382 ipso
1690 1342 1779 1373 sonte
1795 1340 1935 1381 haurire,
1958 1345 1992 1373 et
2011 1341 2065 1373 in·-

198 1387 296 1428 signe
327 1383 514 1416 disserendi
548 1381 757 1423 docendique
787 1381 976 1423 exemplum
1007 1379 1100 1421 quasi
1134 1389 1243 1410 coram
1275 1390 1482 1422 cognoscere
1511 1385 1667 1425 possetis.
1717 1383 1785 1415 Sed
1811 1385 1961 1425 quamvis
1983 1385 2066 1417 haec

199 1429 326 1469 omnia,
359 1427 479 1469 quibus
511 1426 693 1458 Menonem
716 1425 884 1467 insignem
909 1433 989 1455 esse
1010 1423 1170 1463 diximuS‚
1200 1423 1255 1455 vel
1286 1434 1344 1465 pro
1368 1434 1540 1464 puerorum
1572 1426 1668 1468 captu
1692 1437 1754 1458 non
1777 1427 1872 1458 nimis
1897 1426 2065 1461 recondita

199 1482 278 1504 esse
311 1469 500 1512 videantur,
534 1479 571 1500 re
607 1467 683 1510 ipsa
720 1467 850 1510 experti
885 1475 1000 1498 sumus
1027 1465 1126 1496 altius
1155 1465 1387 1509 indagantibus
1418 1470 1587 1511 totamque
1618 1469 1843 1512 philosophiae
1871 1470 2064 1504 Platonicae

197 1515 357 1547 rationem
381 1513 488 1544 animo
511 1511 869 1552 comprehendentibus
893 1520 957 1540 non
981 1509 1240 1540 contemnendos
1264 1509 1404 1540 eundem
1428 1513 1603 1553 scrupulos
1627 1512 1786 1554 objicere,
1810 1514 1861 1554 qni
1886 1519 1919 1544 ut
1943 1524 2065 1554 puero-

198 1569 268 1590 rum
293 1556 396 1588 oculis
419 1555 516 1587 lacile
536 1558 694 1596 recteque
708 1553 954 1593 subtrahuntur,
976 1552 1021 1582 ita
1044 1551 1152 1583 Vobis
1176 1561 1239 1582 non
1261 1552 1335 1584 sine
1358 1552 1486 1593 piaculo
1509 1554 1799 1596 absconderentur,
1822 1565 1906 1597 quos
1928 1556 1970 1587 ob
1992 1567 2064 1591 eam

196 1601 305 1643 ipsam
325 1608 457 1631 causam
480 1597 721 1629 commilitones
744 1601 878 1628 nost-ros
901 1594 1070 1637 appellare
1098 1594 1259 1636 solemus,
1288 1596 1363 1637 quia
1384 1597 1498 1627 socios
1522 1598 1614 1628 nobis
1636 1599 1838 1640 comitesque
1862 1599 2007 1630 laborum
2032 1602 2064 1633 iu

196 1643 312 1675 arduis
346 1647 380 1674 et
415 1640 596 1672 salebrosis
624 1640 707 1671 locis
737 1638 936 1681 superandis
970 1636 1183 1677 adjungimus
1210 1637 1345 1679 parique
1375 1639 1544 1672 nobiscum
1574 1641 1677 1682 gradu
1701 1642 1733 1673 in
1755 1641 1875 1673 studiis
1900 1642 2063 1677 literarum

195 1686 354 1719 incedere
379 1685 545 1726 volumus,
572 1691 635 1715 nec
649 1687 714 1714 tam
727 1682 793 1714 alte
807 1682 923 1723 latent,
949 1685 984 1712 ut
999 1690 1063 1712 11011
1085 1680 1159 1711 Vos
1174 1679 1280 1723 ipsos⁷
1292 1680 1322 1711 si
1339 1680 1424 1713 sorte
1435 1681 1466 1712 in
1481 1693 1540 1714 eos
1556 1683 1721 1726 incidatis,
1735 1683 1902 1716 offendere
1918 1686 2065 1729 possint3

194 1730 249 1762 his
273 1729 374 1765 igitur
397 1739 439 1759 ne
462 1726 610 1767 imparati
634 1726 833 1766 occurratis,
859 1734 955 1757 unam
979 1733 1090 1755 earum
1115 1724 1356 1765 maximamque
1380 1727 1625 1765 quaestionem,
1651 1737 1735 1768 quae
1756 1727 1798 1758 ad
1821 1727 1922 1759 totius
1942 1729 2063 1772 dialogi

193 1772 370 1805 consilium
394 1775 429 1802 et
450 1769 620 1801 artificium
645 1768 820 1811 pertineat,
842 1778 901 1810 per
922 1767 1010 1798 hanc
1033 1765 1204 1807 praefandi
1228 1769 1502 1807 opportunitatem
1526 1768 1570 1800 ita
1593 1770 1757 1800 illustrare
1789 1770 1997 1813 conabimur,
2027 1778 2064 1806 ut

194 1821 229 1847 et
253 1815 300 1847 rei
324 1814 432 1856 ipsius
454 1813 603 1854 dignitas
626 1816 660 1843 et
681 1812 895 1852 interpretum
924 1810 977 1852 qui
1001 1809 1109 1841 adhuc
1133 1809 1165 1840 in
1190 1818 1231 1840 ea
1250 1809 1503 1842 elaboraverunt
1527 1811 1702 1844 dissensus
1723 1812 1874 1854 flagitare
1898 1813 2063 1850 videntur.

193 1859 283 1891 Nam
304 1867 403 1899 quum
425 1855 533 1887 omnis
556 1854 589 1884 in
613 1853 668 1885 illo
689 1853 824 1895 dialogo
847 1852 1028 1893 disputatio
1050 1855 1117 1882 tam
1138 1855 1229 1882 recto
1248 1851 1408 1893 firmoque
1425 1862 1545 1892 gressu
1571 1855 1739 1896 procedat,
1758 1852 1793 1886 ut
1814 1865 1919 1897 neque
1940 1858 2062 1891 abesse

193 1901 371 1944 quidquam
386 1909 494 1940 neque
503 1906 684 1938 superesse
707 1896 844 1937 dixeris,
860 1900 995 1936 totaque
1012 1893 1265 1940 argumentandi
1293 1895 1374 1926 ratio
1390 1895 1452 1926 sihi
1466 1901 1500 1927 nt
1520 1906 1603 1938 quiae
1618 1898 1761 1929 maxime
1772 1903 1913 1942 constet,
1927 1905 2063 1934 contro-

192 1943 307 1977 versia
331 1943 372 1975 ab
395 1941 484 1973 omni
508 1942 604 1982 parte
631 1939 757 1982 agitata
784 1947 857 1969 eum
882 1937 1015 1968 tandem
1046 1941 1171 1967 exitum
1205 1936 1322 1977 habet,
1352 1946 1447 1978 quem
1475 1947 1582 1980 neque
1609 1941 1856 1981 exspectaverit
1890 1943 2062 1985 quisquam

193 1997 300 2028 neque
323 1989 484 2028 appareat
506 1981 672 2025 quomodo
694 1991 767 2013 curn
790 1980 926 2022 reliquis
949 1979 1100 2011 Socratis
1122 1983 1157 2009 et
1179 1978 1330 2010 Platonis
1352 1979 1481 2020 placitis
1505 1983 1732 2022 conciliemus3
1749 1983 1835 2015 uude
1853 1983 1972 2017 factum
1996 1992 2062 2031 est,

191 2035 227 2061 nt
249 2029 339 2059 multi
366 2027 498 2069 quidem
517 2025 633 2056 verbis
652 2024 824 2065 scriptoris
841 2031 943 2054 caece
957 2022 1073 2053 confisi
1092 2021 1222 2052 Platoni
1242 2022 1421 2053 tribuerent
1437 2033 1521 2064 qnae
1537 2025 1703 2065 proficisci
1719 2026 1759 2056 ab
1783 2037 1823 2058 eo
1846 2028 1976 2060 omnino
1997 2040 2061 2063 non

193 2072 413 2115 potuerinv),
431 2070 518 2102 alius
541 2071 652 2100 autem
670 2065 713 2098 de
728 2065 831 2097 totius
853 2064 976 2106 dialogi
998 2064 1196 2096 auctoritate
1215 2063 1377 2095 dubitaret
1388 2063 1433 2107 ³),
1457 2065 1511 2096 alii
1530 2066 1672 2110 denique
1691 2077 1750 2109 per
1771 2068 1941 2101 ludibrium
1964 2075 2063 2115 atque

192 2115 378 2147 irrisionem
391 2124 457 2145 non
476 2119 544 2144 tam
563 2109 607 2142 ad
628 2109 816 2142 docendum
833 2117 931 2150 quam
946 2107 990 2138 ad
1005 2105 1270 2148 redarguendum
1286 2107 1582 2153 castigandumque
1596 2111 1754 2153 scriptum
1771 2122 1849 2144 esse
1862 2113 2062 2148 arbitraren-

282 2259 317 2289 1)
335 2256 441 2290 Engeh
461 2256 594 2283 Vei-anch
616 2255 698 2282 einer
715 2251 867 2283 Methode,
885 2251 932 2277 die
950 2250 1180 2278 vernunsssehre
1197 2259 1250 2278 atta
1272 2251 1477 2280 Platoniaehen
1497 2253 1640 2291 Dialogen
1659 2264 1696 2282 zu
1708 2253 1890 2287 entwielreln,
1901 2255 2060 2286 1311111780

189 2295 217 2324 8.
237 2309 273 2316 —
291 2294 325 2328 2)
351 2292 515 2320 Brnrlrerua
537 2292 615 2321 llint.
633 2290 700 2318 crit.
718 2288 824 2325 philos.
845 2287 880 2314 Τ.
904 2288 926 2320 Ι,
949 2296 974 2322 p.
994 2286 1062 2314 723:
1081 2287 1172 2328 pireus
1192 2287 1261 2322 qur‘a
1280 2288 1375 2315 divina
1392 2299 1436 2316 reu
1453 2294 1510 2323 eat,
1532 2290 1626 2317 doceri
1643 2300 1698 2318 non
1716 2294 1806 2326 pou-ct
1823 2291 1873 2317 sed
1891 2300 1909 2317 a
1928 2292 1978 2318 deo
1992 2302 2059 2320 eon-

184 2335 301 2366 sertur:
330 2331 367 2360 εἴ,
390 2328 584 2362 8μ11η11ε11111111
608 2328 644 2355 ad
672 2326 790 2354 Callim-
813 2334 831 2359 p
865 2323 903 2351 25
921 2328 951 2350 et.
970 2324 1006 2350 ad
1026 2323 1133 2351 Julian.
1158 2332 1185 2358 p,
1207 2324 1260 2356 99,
1282 2324 1397 2352 Geddes
1417 2326 1507 2362 Eanay
1528 2336 1562 2352 on
1584 2327 1635 2354 the
1655 2326 1844 2362 composition
1863 2328 1918 2354 and
1940 2337 2059 2357 manner

190 2368 223 2394 of
239 2365 362 2401 wrffing
382 2365 416 2390 „f
435 2363 485 2389 nm
505 2363 633 2390 ancien„
652 2360 850 2398 particularly
873 2360 959 2386 Plato
981 2367 1008 2393 p.
1028 2358 1090 2390 1⁰6,
1113 2358 1202 2385 Wolf.
1211 2359 1246 2385 ad
1266 2358 1563 2396 0rigen.l²liilonoph.
1585 2372 1613 2397 p,
1636 2363 1698 2395 126,
1721 2362 1850 2389 Fischer.
1871 2363 1906 2390 ad
1925 2365 2058 2393 Aen-mn.

193 2403 306 2434 malog.
320 2401 402 2437 [121.
425 2398 629 2426 raucam-niun
650 2398 677 2425 in
699 2397 791 2424 Beitr.
810 2404 865 2423 zur
885 2394 991 2422 Genea.
1011 2394 1063 2420 der
1083 2393 1272 2429 Philosophia
1292 2395 1335 2422 St.
1358 2397 1394 2428 X,
1419 2406 1444 2432 p.
1466 2398 1617 2428 1413-141,
1640 2398 1831 2426 Tiederuanni
1848 2399 1969 2436 Argum.
1987 2401 2057 2430 dial,

196 2441 307 2467 Platon.
327 2448 355 2473 p.
377 2436 430 2464 129
448 2441 503 2463 etc.
520 2451 548 2456 —
565 2435 597 2468 3)
617 2435 719 2462 Antia·
737 2433 767 2461 ia
789 2433 911 2461 Platona
932 2431 1031 2459 Lehen
1052 2439 1080 2458 11.
1098 2430 1258 2464 Schriften,
1279 2430 1358 2468 Lipu.
1378 2432 1460 2461 181⁶.
1479 2433 1507 2467 8,
1527 2444 1545 2470 p
1573 2435 1628 2463 894
1646 2444 1710 2470 sqq.
1732 2451 1764 2456 -
